[gd_scene load_steps=13 format=3 uid="uid://dxin7iu5ynixw"]

[ext_resource type="Script" path="res://door_potal.gd" id="1_p3kku"]
[ext_resource type="Texture2D" uid="uid://d0quw6w7igmmx" path="res://image/Door_Hydro_1.png" id="2_2204c"]
[ext_resource type="Texture2D" uid="uid://bbomlgdtyk2bt" path="res://image/Door_Pyro_1.png" id="2_cg6ue"]
[ext_resource type="Texture2D" uid="uid://vdrdtxu5xdyq" path="res://image/Door_Pyro_2.png" id="3_663fm"]
[ext_resource type="Texture2D" uid="uid://bgitprpdonhes" path="res://image/Door_Hydro_2.png" id="3_gq3mw"]
[ext_resource type="Texture2D" uid="uid://gxepwld3f0yg" path="res://image/Door_Hydro_3.png" id="4_f86j0"]
[ext_resource type="Texture2D" uid="uid://dedrlcrlpr0gk" path="res://image/Door_Pyro_3.png" id="4_ymh3a"]
[ext_resource type="Texture2D" uid="uid://bnvi543tfshp6" path="res://image/Door_Hydro_4.png" id="5_hiiqd"]
[ext_resource type="Texture2D" uid="uid://rukkiv7rgfjf" path="res://image/Door_Pyro_4.png" id="5_rdik1"]
[ext_resource type="Texture2D" uid="uid://b6htvloilhrum" path="res://image/Door_Lock.png" id="6_03e71"]

[sub_resource type="SpriteFrames" id="SpriteFrames_bwvdp"]
animations = [{
"frames": [{
"duration": 1.0,
"texture": ExtResource("2_cg6ue")
}, {
"duration": 1.0,
"texture": ExtResource("3_663fm")
}, {
"duration": 1.0,
"texture": ExtResource("4_ymh3a")
}, {
"duration": 1.0,
"texture": ExtResource("5_rdik1")
}],
"loop": true,
"name": &"fire unlock",
"speed": 9.0
}, {
"frames": [{
"duration": 1.0,
"texture": ExtResource("6_03e71")
}],
"loop": true,
"name": &"firelock",
"speed": 5.0
}, {
"frames": [{
"duration": 1.0,
"texture": ExtResource("2_2204c")
}, {
"duration": 1.0,
"texture": ExtResource("3_gq3mw")
}, {
"duration": 1.0,
"texture": ExtResource("4_f86j0")
}, {
"duration": 1.0,
"texture": ExtResource("5_hiiqd")
}],
"loop": true,
"name": &"unlock",
"speed": 10.0
}]

[sub_resource type="CapsuleShape2D" id="CapsuleShape2D_o2m3y"]

[node name="door potal" type="Area2D"]
script = ExtResource("1_p3kku")

[node name="AnimatedSprite2D" type="AnimatedSprite2D" parent="."]
position = Vector2(2.27374e-13, -14)
scale = Vector2(0.42, 0.42)
sprite_frames = SubResource("SpriteFrames_bwvdp")
animation = &"fire unlock"

[node name="CollisionShape2D" type="CollisionShape2D" parent="."]
position = Vector2(0, -16)
shape = SubResource("CapsuleShape2D_o2m3y")

[connection signal="body_entered" from="." to="." method="_on_body_entered"]
